<?xml version="1.0" encoding="UTF-8"?><collection xmlns="http://www.loc.gov/MARC21/slim"><record><leader>00439nam--2200121-i-4500</leader><controlfield tag="001">000044321</controlfield><controlfield tag="002">20161230</controlfield><controlfield tag="005">20161230201044</controlfield><controlfield tag="008">060222s1000------------r-----000-0-eng-d</controlfield><datafield ind1=" " ind2=" " tag="100"><subfield code="a">Tereza, G. P</subfield></datafield><datafield ind1=" " ind2=" " tag="245"><subfield code="a">Statiile de incercare ale aparatajului de joasa tensiune la fabricile producatoare. traducere din l.rusa. numai pentru uz intern si documentare</subfield></datafield><datafield ind1=" " ind2=" " tag="260"><subfield code="a">Bucuresti, Editura Energetica De Stat, 1953, 127p. Cu Ilustrate</subfield></datafield><datafield ind1=" " ind2=" " tag="852"><subfield code="a">3023</subfield></datafield></record></collection>